@book{Chuang, 
  place={Cambridge}, 
  series={Cambridge Library Collection }, 
  title={Quantum Computation and Quantum Information: 10th Anniversary Edition}, 
  DOI={10.1017/CBO9780511976667}, 
  publisher={Cambridge University Press}, 
  author={Michael A. Nielsen and Isaac L. Chuang}, 
  year={2010}, 
  collection={Cambridge Library Collection},
}
@misc{Hauke,
  author = {Philipp Hans Juergen Hauke},
  title         = {Lecture videos and notes},
  year          = {2020/21},
  publisher={University of Trento},
}
@misc{gottesman2009introduction,
      title={An Introduction to Quantum Error Correction and Fault-Tolerant Quantum Computation}, 
      author={Daniel Gottesman},
      year={2009},
      eprint={0904.2557},
      archivePrefix={arXiv},
      primaryClass={quant-ph}
}
@misc{kempe2006approaches,
    title={Approaches to Quantum Error Correction},
    author={Julia Kempe},
    year={2006},
    eprint={quant-ph/0612185},
    archivePrefix={arXiv},
    primaryClass={quant-ph}
}
@article{article,
author = {Devitt, Simon and Munro, William and Nemoto, Kae},
year = {2013},
month = {06},
pages = {076001},
title = {Quantum Error Correction for Beginners},
volume = {76},
journal = {Reports on progress in physics. Physical Society (Great Britain)},
doi = {10.1088/0034-4885/76/7/076001}
}
@article{Roffe_2019,
   title={Quantum error correction: an introductory guide},
   volume={60},
   ISSN={1366-5812},
   url={http://dx.doi.org/10.1080/00107514.2019.1667078},
   DOI={10.1080/00107514.2019.1667078},
   number={3},
   journal={Contemporary Physics},
   publisher={Informa UK Limited},
   author={Roffe, Joschka},
   year={2019},
   month={Jul},
   pages={226–245}
}
@misc{brun2019quantum,
      title={Quantum Error Correction}, 
      author={Todd A. Brun},
      year={2019},
      eprint={1910.03672},
      archivePrefix={arXiv},
      primaryClass={quant-ph}
}
@article{Knill_2000,
   title={Theory of Quantum Error Correction for General Noise},
   volume={84},
   ISSN={1079-7114},
   url={http://dx.doi.org/10.1103/PhysRevLett.84.2525},
   DOI={10.1103/physrevlett.84.2525},
   number={11},
   journal={Physical Review Letters},
   publisher={American Physical Society (APS)},
   author={Knill, Emanuel and Laflamme, Raymond and Viola, Lorenza},
   year={2000},
   month={Mar},
   pages={2525–2528}
}
@misc{PhilipKammerlander,
  author = {Philipp Kammerlander},
  title         = {Quantum Information Processing Concepts, Lecture notes},
  month         = {February},
  year          = {2021},
  publisher={ETH Zurich}
}
@misc{DanielGottesman,
  author = {Daniel Gottesman},
  title         = {Quantum Error Correction, Lecture notes},
  months         = {January--March},
  year          = {2007},
  publisher={Perimeter Institute},
  howpublished = {\url{https://www2.perimeterinstitute.ca/personal/dgottesman/QECC2007/}}
}
@misc{ Qiskit,
       author = {MD SAJID ANIS and H{\'e}ctor Abraham and AduOffei and Rochisha Agarwal and Gabriele Agliardi and Merav Aharoni and Ismail Yunus Akhalwaya and Gadi Aleksandrowicz and Thomas Alexander and Matthew Amy and Sashwat Anagolum and Eli Arbel and Abraham Asfaw and Anish Athalye and Artur Avkhadiev and Carlos Azaustre and Abhik Banerjee and Santanu Banerjee and Will Bang and Aman Bansal and Panagiotis Barkoutsos and Ashish Barnawal and George Barron and George S. Barron and Luciano Bello and Yael Ben-Haim and Daniel Bevenius and Dhruv Bhatnagar and Arjun Bhobe and Paolo Bianchini and Lev S. Bishop and Carsten Blank and Sorin Bolos and Soham Bopardikar and Samuel Bosch and Sebastian Brandhofer and Brandon and Sergey Bravyi and Nick Bronn and Bryce-Fuller and David Bucher and Artemiy Burov and Fran Cabrera and Padraic Calpin and Lauren Capelluto and Jorge Carballo and Gin{\'e}s Carrascal and Adam Carriker and Ivan Carvalho and Adrian Chen and Chun-Fu Chen and Edward Chen and Jielun (Chris) Chen and Richard Chen and Franck Chevallier and Rathish Cholarajan and Jerry M. Chow and Spencer Churchill and Christian Claus and Christian Clauss and Caleb Clothier and Romilly Cocking and Ryan Cocuzzo and Jordan Connor and Filipe Correa and Abigail J. Cross and Andrew W. Cross and Simon Cross and Juan Cruz-Benito and Chris Culver and Antonio D. C{\'o}rcoles-Gonzales and Navaneeth D and Sean Dague and Tareq El Dandachi and Animesh N Dangwal and Jonathan Daniel and Marcus Daniels and Matthieu Dartiailh and Abd{\'o}n Rodr{\'\i}guez Davila and Faisal Debouni and Anton Dekusar and Amol Deshmukh and Mohit Deshpande and Delton Ding and Jun Doi and Eli M. Dow and Eric Drechsler and Eugene Dumitrescu and Karel Dumon and Ivan Duran and Kareem EL-Safty and Eric Eastman and Grant Eberle and Amir Ebrahimi and Pieter Eendebak and Daniel Egger and Alberto Espiricueta and Mark Everitt and Davide Facoetti and Farida and Paco Mart{\'\i}n Fern{\'a}ndez and Samuele Ferracin and Davide Ferrari and Axel Hern{\'a}ndez Ferrera and Romain Fouilland and Albert Frisch and Andreas Fuhrer and Bryce Fuller and MELVIN GEORGE and Julien Gacon and Borja Godoy Gago and Claudio Gambella and Jay M. Gambetta and Adhisha Gammanpila and Luis Garcia and Tanya Garg and Shelly Garion and Tim Gates and Leron Gil and Austin Gilliam and Aditya Giridharan and Juan Gomez-Mosquera and Gonzalo and Salvador de la Puente Gonz{\'a}lez and Jesse Gorzinski and Ian Gould and Donny Greenberg and Dmitry Grinko and Wen Guan and John A. Gunnels and Naman Gupta and Jakob M. G{\"u}nther and Mikael Haglund and Isabel Haide and Ikko Hamamura and Omar Costa Hamido and Frank Harkins and Areeq Hasan and Vojtech Havlicek and Joe Hellmers and {\L}ukasz Herok and Stefan Hillmich and Hiroshi Horii and Connor Howington and Shaohan Hu and Wei Hu and Junye Huang and Rolf Huisman and Haruki Imai and Takashi Imamichi and Kazuaki Ishizaki and Ishwor and Raban Iten and Toshinari Itoko and Ali Javadi and Ali Javadi-Abhari and Wahaj Javed and Madhav Jivrajani and Kiran Johns and Scott Johnstun and Jonathan-Shoemaker and JosDenmark and JoshDumo and John Judge and Tal Kachmann and Akshay Kale and Naoki Kanazawa and Jessica Kane and Kang-Bae and Annanay Kapila and Anton Karazeev and Paul Kassebaum and Josh Kelso and Scott Kelso and Vismai Khanderao and Spencer King and Yuri Kobayashi and Arseny Kovyrshin and Rajiv Krishnakumar and Vivek Krishnan and Kevin Krsulich and Prasad Kumkar and Gawel Kus and Ryan LaRose and Enrique Lacal and Rapha{\"e}l Lambert and John Lapeyre and Joe Latone and Scott Lawrence and Christina Lee and Gushu Li and Jake Lishman and Dennis Liu and Peng Liu and Yunho Maeng and Saurav Maheshkar and Kahan Majmudar and Aleksei Malyshev and Mohamed El Mandouh and Joshua Manela and Manjula and Jakub Marecek and Manoel Marques and Kunal Marwaha and Dmitri Maslov and Pawe{\l} Maszota and Dolph Mathews and Atsushi Matsuo and Farai Mazhandu and Doug McClure and Maureen McElaney and Cameron McGarry and David McKay and Dan McPherson and Srujan Meesala and Dekel Meirom and Corey Mendell and Thomas Metcalfe and Martin Mevissen and Andrew Meyer and Antonio Mezzacapo and Rohit Midha and Zlatko Minev and Abby Mitchell and Nikolaj Moll and Alejandro Montanez and Gabriel Monteiro and Michael Duane Mooring and Renier Morales and Niall Moran and David Morcuende and Seif Mostafa and Mario Motta and Romain Moyard and Prakash Murali and Jan M{\"u}ggenburg and David Nadlinger and Ken Nakanishi and Giacomo Nannicini and Paul Nation and Edwin Navarro and Yehuda Naveh and Scott Wyman Neagle and Patrick Neuweiler and Aziz Ngoueya and Johan Nicander and Nick-Singstock and Pradeep Niroula and Hassi Norlen and NuoWenLei and Lee James O'Riordan and Oluwatobi Ogunbayo and Pauline Ollitrault and Tamiya Onodera and Raul Otaolea and Steven Oud and Dan Padilha and Hanhee Paik and Soham Pal and Yuchen Pang and Ashish Panigrahi and Vincent R. Pascuzzi and Simone Perriello and Eric Peterson and Anna Phan and Francesco Piro and Marco Pistoia and Christophe Piveteau and Julia Plewa and Pierre Pocreau and Alejandro Pozas-Kerstjens and Rafa{\l} Pracht and Milos Prokop and Viktor Prutyanov and Sumit Puri and Daniel Puzzuoli and Jes{\'u}s P{\'e}rez and Quintiii and Rafey Iqbal Rahman and Arun Raja and Roshan Rajeev and Nipun Ramagiri and Anirudh Rao and Rudy Raymond and Oliver Reardon-Smith and Rafael Mart{\'\i}n-Cuevas Redondo and Max Reuter and Julia Rice and Matt Riedemann and Drew Risinger and Marcello La Rocca and Diego M. Rodr{\'\i}guez and RohithKarur and Ben Rosand and Max Rossmannek and Mingi Ryu and Tharrmashastha SAPV and Arijit Saha and Abdullah Ash- Saki and Martin Sandberg and Hirmay Sandesara and Ritvik Sapra and Hayk Sargsyan and Aniruddha Sarkar and Ninad Sathaye and Bruno Schmitt and Chris Schnabel and Zachary Schoenfeld and Travis L. Scholten and Eddie Schoute and Mark Schulterbrandt and Joachim Schwarm and James Seaward and Sergi and Ismael Faro Sertage and Kanav Setia and Freya Shah and Nathan Shammah and Rohan Sharma and Yunong Shi and Jonathan Shoemaker and Adenilton Silva and Andrea Simonetto and Divyanshu Singh and Parmeet Singh and Phattharaporn Singkanipa and Yukio Siraichi and Siri and Jes{\'u}s Sistos and Iskandar Sitdikov and Seyon Sivarajah and Magnus Berg Sletfjerding and John A. Smolin and Mathias Soeken and Igor Olegovich Sokolov and Igor Sokolov and SooluThomas and Starfish and Dominik Steenken and Matt Stypulkoski and Adrien Suau and Shaojun Sun and Kevin J. Sung and Makoto Suwama and Oskar S{\l}owik and Hitomi Takahashi and Tanvesh Takawale and Ivano Tavernelli and Charles Taylor and Pete Taylour and Soolu Thomas and Mathieu Tillet and Maddy Tod and Miroslav Tomasik and Enrique de la Torre and Juan Luis S{\'a}nchez Toural and Kenso Trabing and Matthew Treinish and Dimitar Trenev and TrishaPe and Felix Truger and Georgios Tsilimigkounakis and Davindra Tulsi and Wes Turner and Yotam Vaknin and Carmen Recio Valcarce and Francois Varchon and Adish Vartak and Almudena Carrera Vazquez and Prajjwal Vijaywargiya and Victor Villar and Bhargav Vishnu and Desiree Vogt-Lee and Christophe Vuillot and James Weaver and Johannes Weidenfeller and Rafal Wieczorek and Jonathan A. Wildstrom and Jessica Wilson and Erick Winston and WinterSoldier and Jack J. Woehr and Stefan Woerner and Ryan Woo and Christopher J. Wood and Ryan Wood and Steve Wood and James Wootton and Matt Wright and Bo Yang and Daniyar Yeralin and Ryota Yonekura and David Yonge-Mallo and Richard Young and Jessie Yu and Lebin Yu and Christopher Zachow and Laura Zdanski and Helena Zhang and Christa Zoufal and aeddins-ibm and alexzhang13 and b63 and bartek-bartlomiej and bcamorrison and brandhsn and catornow and charmerDark and deeplokhande and dekel.meirom and dime10 and ehchen and fanizzamarco and fs1132429 and gadial and galeinston and georgezhou20 and georgios-ts and gruu and hhorii and hykavitha and itoko and jliu45 and jscott2 and klinvill and krutik2966 and ma5x and michelle4654 and msuwama and ntgiwsvp and ordmoj and sagar pahwa and pritamsinha2304 and ryancocuzzo and saswati-qiskit and septembrr and sethmerkel and shaashwat and sternparky and strickroman and tigerjack and tsura-crisaldo and welien and willhbang and yang.luh and Mantas {\v{C}}epulkovskis},
       title = {Qiskit: An Open-source Framework for Quantum Computing},
       year = {2021},
       doi = {10.5281/zenodo.2573505}
}
@article{cloning,
author = {W. K. Wootters & W. H. Zurek },
year = {1982},
month = {10},
pages = {802–803},
title = {A single quantum cannot be cloned},
volume = {299},
journal = {Nature},
doi = {https://doi.org/10.1038/299802a0}
}
@misc{buzek1998universal,
    title={Universal optimal cloning of qubits and quantum registers},
    author={Vladimir Buzek and Mark Hillery},
    year={1998},
    eprint={quant-ph/9801009},
    archivePrefix={arXiv},
    primaryClass={quant-ph}
}
@misc{ pirsa_18020010,
            doi = {},
            url = {https://www2.perimeterinstitute.ca/personal/dgottesman/QECC2018/index.html},
            author = {Gottesman, Daniel and Yoshida, Beni},
            keywords = {},
            language = {en},
            title = {IQC - Quantum Error Correction - Curse},
            publisher = {},
            year = {2018},
            month = {feb},
            note = {Lectures see, \url{https://pirsa.org}}
          }
@misc{gottesman1998heisenberg,
    title={The Heisenberg Representation of Quantum Computers},
    author={Daniel Gottesman},
    year={1998},
    eprint={quant-ph/9807006},
    archivePrefix={arXiv},
    primaryClass={quant-ph}
}